%Bibliographies go here

@ARTICLE{Ryan17,
    author = {{Ryan}, G. and {MacFadyen}, A.},
    title = "{Minidisks in Binary Black Hole Accretion}",
    journal = {\apj},
    archivePrefix = "arXiv",
    eprint = {1611.00341},
    primaryClass = "astro-ph.HE",
    keywords = {accretion, accretion disks, hydrodynamics, shock waves, stars: black holes},
    year = 2017,
    month = feb,
    volume = 835,
    eid = {199},
    pages = {199},
    doi = {10.3847/1538-4357/835/2/199},
    adsurl = {http://adsabs.harvard.edu/abs/2017ApJ...835..199R},
    adsnote = {Provided by the SAO/NASA Astrophysics Data System}
}

